@article{basili1996validation,
  title={A validation of object-oriented design metrics as quality indicators},
  author={Basili, Victor R and Briand, Lionel C. and Melo, Walc{\'e}lio L},
  journal={IEEE Transactions on software engineering},
  volume={22},
  number={10},
  pages={751--761},
  year={1996},
  publisher={IEEE}
}

@article{erlikh2000leveraging,
	title={Leveraging legacy system dollars for e-business},
	author={Erlikh, Len},
	journal={IT professional},
	volume={2},
	number={3},
	pages={17--23},
	year={2000},
	publisher={IEEE}
}

@phdthesis{shihab2012exploration,
	title={An exploration of challenges limiting pragmatic software defect prediction},
	author={Shihab, Emad},
	year={2012}
}

@article{hall2012systematic,
	title={A systematic literature review on fault prediction performance in software engineering},
	author={Hall, Tracy and Beecham, Sarah and Bowes, David and Gray, David and Counsell, Steve},
	journal={IEEE Transactions on Software Engineering},
	volume={38},
	number={6},
	pages={1276--1304},
	year={2012},
	publisher={IEEE}
}

@article{basili1996validation,
	title={A validation of object-oriented design metrics as quality indicators},
	author={Basili, Victor R and Briand, Lionel C. and Melo, Walc{\'e}lio L},
	journal={IEEE Transactions on software engineering},
	volume={22},
	number={10},
	pages={751--761},
	year={1996},
	publisher={IEEE}
}

@inproceedings{hassan2009predicting,
	title={Predicting faults using the complexity of code changes},
	author={Hassan, Ahmed E},
	booktitle={Proceedings of the 31st International Conference on Software Engineering},
	pages={78--88},
	year={2009},
	organization={IEEE Computer Society}
}

@inproceedings{bettenburg2012think,
	title={Think locally, act globally: Improving defect and effort prediction models},
	author={Bettenburg, Nicolas and Nagappan, Meiyappan and Hassan, Ahmed E},
	booktitle={Proceedings of the 9th IEEE Working Conference on Mining Software Repositories},
	pages={60--69},
	year={2012},
	organization={IEEE Press}
}

@article{dietterich2000experimental,
	title={An experimental comparison of three methods for constructing ensembles of decision trees: Bagging, boosting, and randomization},
	author={Dietterich, Thomas G},
	journal={Machine learning},
	volume={40},
	number={2},
	pages={139--157},
	year={2000},
	publisher={Springer}
}

@inproceedings{menzies2011local,
	title={Local vs. global models for effort estimation and defect prediction},
	author={Menzies, Tim and Butcher, Andrew and Marcus, Andrian and Zimmermann, Thomas and Cok, David},
	booktitle={Proceedings of the 2011 26th IEEE/ACM International Conference on Automated Software Engineering},
	pages={343--351},
	year={2011},
	organization={IEEE Computer Society}
}

@inproceedings{domingos2000mining,
	title={Mining high-speed data streams},
	author={Domingos, Pedro and Hulten, Geoff},
	booktitle={Proceedings of the sixth ACM SIGKDD international conference on Knowledge discovery and data mining},
	pages={71--80},
	year={2000},
	organization={ACM}
}

@article{basili1996validation,
	title={A validation of object-oriented design metrics as quality indicators},
	author={Basili, Victor R and Briand, Lionel C. and Melo, Walc{\'e}lio L},
	journal={IEEE Transactions on software engineering},
	volume={22},
	number={10},
	pages={751--761},
	year={1996},
	publisher={IEEE}
}
@inproceedings{zimmermann2007predicting,
	title={Predicting defects for eclipse},
	author={Zimmermann, Thomas and Premraj, Rahul and Zeller, Andreas},
	booktitle={Predictor Models in Software Engineering, 2007. PROMISE'07: ICSE Workshops 2007. International Workshop on},
	pages={9--9},
	year={2007},
	organization={IEEE}
}
@article{briand2001replicated,
	title={Replicated case studies for investigating quality factors in object-oriented designs},
	author={Briand, Lionel C and W{\"u}st, J{\"u}rgen and Lounis, Hakim},
	journal={Empirical software engineering},
	volume={6},
	number={1},
	pages={11--58},
	year={2001},
	publisher={Springer}
}
@inproceedings{panichella2014cross,
	title={Cross-project defect prediction models: L'union fait la force},
	author={Panichella, Annibale and Oliveto, Rocco and De Lucia, Andrea},
	booktitle={Software Maintenance, Reengineering and Reverse Engineering (CSMR-WCRE), 2014 Software Evolution Week-IEEE Conference on},
	pages={164--173},
	year={2014},
	organization={IEEE}
}

@article{quinlan1995oversearching,
	title={Oversearching and layered search in empirical learning},
	author={Quinlan, J and Cameron-Jones, R},
	journal={breast cancer},
	volume={286},
	pages={2--7},
	year={1995},
	publisher={Citeseer}
}
@inproceedings{mehta1996sliq,
	title={SLIQ: A fast scalable classifier for data mining},
	author={Mehta, Manish and Agrawal, Rakesh and Rissanen, Jorma},
	booktitle={International Conference on Extending Database Technology},
	pages={18--32},
	year={1996},
	organization={Springer}
}

@inproceedings{hulten2001mining,
	title={Mining time-changing data streams},
	author={Hulten, Geoff and Spencer, Laurie and Domingos, Pedro},
	booktitle={Proceedings of the seventh ACM SIGKDD international conference on Knowledge discovery and data mining},
	pages={97--106},
	year={2001},
	organization={ACM}
}

@article{canzian2015real,
	title={Real-time stream mining: online knowledge extraction using classifier networks},
	author={Canzian, Luca and Van Der Schaar, Mihaela},
	journal={IEEE Network},
	volume={29},
	number={5},
	pages={10--16},
	year={2015},
	publisher={IEEE}
}

@inproceedings{de2013samoa,
	title={SAMOA: A platform for mining big data streams},
	author={De Francisci Morales, Gianmarco},
	booktitle={Proceedings of the 22nd International Conference on World Wide Web},
	pages={777--778},
	year={2013},
	organization={ACM}
}

@article{vzliobaite2010learning,
	title={Learning under concept drift: an overview},
	author={{\v{Z}}liobait{\.e}, Indr{\.e}},
	journal={arXiv preprint arXiv:1010.4784},
	year={2010}
}

@misc{github,
	author = {Rahul Krishna},
	title = {{github/se4sci/defect-prediction}},
	howpublished = "\url{https://git.io/fpKiu}",
	year = {2018}, 
	note = "[Online; last accessed 2-Dec-2008]"
}

@misc{ncsufss18,
	author = {Md Rayhanur Rahman},
	title = {{github/brokenquark/NCSUFSS18}},
	howpublished = "\url{https://git.io/fpKMM}",
	year = {2018}, 
	note = "[Online; last accessed 2-Dec-2008]"
}

@misc{uciml,
	author = {UCI ML Repository},
	title = {{Higgs Dataset}},
	howpublished = "\url{https://archive.ics.uci.edu/ml/datasets/HIGGS}",
	year = {2018}, 
	note = "[Online; last accessed 2-Dec-2008]"
}



@article{hoeffding1963probability,
	title={Probability inequalities for sums of bounded random variables},
	author={Hoeffding, Wassily},
	journal={Journal of the American statistical association},
	volume={58},
	number={301},
	pages={13--30},
	year={1963},
	publisher={Taylor \& Francis Group}
}

@article{storn1997differential,
	title={Differential evolution--a simple and efficient heuristic for global optimization over continuous spaces},
	author={Storn, Rainer and Price, Kenneth},
	journal={Journal of global optimization},
	volume={11},
	number={4},
	pages={341--359},
	year={1997},
	publisher={Springer}
}

@misc{scikit-learn-dt,
	author = {scikit-learn},
	title = {{sklearn.tree.DecisionTreeClassifier}},
	howpublished = "\url{https://scikit-learn.org/stable/modules/generated/sklearn.tree.DecisionTreeClassifier.html}",
	year = {2018}, 
	note = "[Online; last accessed 2-Dec-2008]"
}

@misc{scikit-learn-rf,
	author = {scikit-learn},
	title = {{sklearn.ensemble.RandomForestClassifier}},
	howpublished = "\url{https://scikit-learn.org/stable/modules/generated/sklearn.ensemble.RandomForestClassifier.html}",
	year = {2018}, 
	note = "[Online; last accessed 2-Dec-2008]"
}


